@techreport{ChaD02,
  author= 	{Chahlaoui, Y. and Van Dooren, P.},
  title=	{A collection of benchmark examples for model reduction of linear time invariant dynamical systems},
  type=	{SLICOT Working Note},
  number= 	{2002-2},
  year=		2002,
  url=		{http://slicot.org/20-site/126-benchmark-examples-for-model-reduction}
  }
 
@techreport{Slicot96,
  author =	"{Working Group on Software (WGS)}",
  title=	{{SLICOT} Implementation and Documentation Standards},
  type=	{WGS Report},
  number=	{96-1},
  year=		1996,
  url=		{http://slicot.org/105-implementation-and-documentation-standards}
}

@techreport{MehP98,
  author =       {Mehrmann, V. and Penzl, T.},
  title =        {Benchmark Collections in {SLICOT}},
  type =       {SLICOT Working Note},
  number =       {1998-5},
  year =         1998,
  url =          {http://slicot.org/working-notes/wgs-niconet-reports/7-benchmark-collections-in-slicot}
}
