


@article{Oliker,
author = {Glimm, Tilmann and Oliker, Vladimir},
year = {2003},
month = {09},
pages = {4096-4108},
title = {Optical Design of Single Reflector Systems and the Monge–Kantorovich Mass Transfer Problem},
volume = {117},
journal = {Journal of Mathematical Sciences},
doi = {10.1023/A:1024856201493}
}


@misc{Kb,
    title={Transport-based analysis, modeling, and learning from signal and data distributions},
    author={Soheil Kolouri and Serim Park and Matthew Thorpe and Dejan Slepčev and Gustavo K. Rohde},
    year={2016},
    eprint={1609.04767},
    archivePrefix={arXiv},
    primaryClass={cs.CV}
}




@Article{Wang2004,
	author="Wang, Xu-Jia",
	title="On the design of a reflector antenna II",
	journal="Calculus of Variations and Partial Differential Equations",
	year="2004",
	month="Jul",
	day="01",
	volume="20",
	number="3",
	pages="329--341",
	issn="1432-0835",
	doi="10.1007/s00526-003-0239-4",
	url="https://doi.org/10.1007/s00526-003-0239-4"
}


@ARTICLE{PeyreBook,
	author = {{Peyr{\'e}}, G. and {Cuturi}, M.},
	title = "{Computational Optimal Transport}",
	journal = {ArXiv e-prints},
	archivePrefix = "arXiv",
	eprint = {1803.00567},
	primaryClass = "stat.ML",
	keywords = {Statistics - Machine Learning},
	year = 2018,
	month = mar,
	adsurl = {http://adsabs.harvard.edu/abs/2018arXiv180300567P},
	adsnote = {Provided by the SAO/NASA Astrophysics Data System}
}

@book{Villani,
	title={Optimal Transport: Old and New},
	author={Villani, C.},
	isbn={9783540710493},
	lccn={2008932183},
	series={Grundlehren der mathematischen Wissenschaften},
	url={https://books.google.fr/books?id=NZXiNAEACAAJ},
	year={2008},
	publisher={Springer Berlin Heidelberg}
}

@book{SantambrogioBook,
	title={Optimal Transport for Applied Mathematicians: Calculus of Variations, PDEs, and Modeling},
	author={Santambrogio, F.},
	isbn={9783319208282},
	series={Progress in Nonlinear Differential Equations and Their Applications},
	url={https://books.google.fr/books?id=UOHHCgAAQBAJ},
	year={2015},
	publisher={Springer International Publishing}
}

@ARTICLE{Berman,
	author = {{Berman}, R.~J.},
	title = "{The Sinkhorn algorithm, parabolic optimal transport and geometric Monge-Ampere equations}",
	journal = {ArXiv e-prints},
	archivePrefix = "arXiv",
	eprint = {1712.03082},
	primaryClass = "math.AP",
	keywords = {Mathematics - Analysis of PDEs, Mathematics - Numerical Analysis},
	year = 2017,
	month = dec,
	adsurl = {http://adsabs.harvard.edu/abs/2017arXiv171203082B},
	adsnote = {Provided by the SAO/NASA Astrophysics Data System}
}

@ARTICLE{QMC,
	author = {{Womersley}, R.~S.},
	title = "{Efficient Spherical Designs with Good Geometric Properties}",
	journal = {ArXiv e-prints},
	archivePrefix = "arXiv",
	eprint = {1709.01624},
	primaryClass = "math.NA",
	keywords = {Mathematics - Numerical Analysis, 65D30, 65T99},
	year = 2017,
	month = sep,
	adsurl = {http://adsabs.harvard.edu/abs/2017arXiv170901624W},
	adsnote = {Provided by the SAO/NASA Astrophysics Data System}
}

@Article{SemiDiscrete,
	TITLE = {{Far-field reflector problem and intersection of paraboloids}},
	AUTHOR = {Machado Manhães De Castro, Pedro and M{\'e}rigot, Quentin and Thibert, Boris},
	URL = {https://hal.archives-ouvertes.fr/hal-00952720},
	JOURNAL = {{Numerische Mathematik}},
	PUBLISHER = {{Springer Verlag}},
	VOLUME = {134},
	NUMBER = {2},
	PAGES = {389--411},
	YEAR = {2016},
	MONTH = Oct,
	DOI = {10.1007/s00211-015-0780-z},
	KEYWORDS = {Reflector problem ; optimal transport ; power diagram},
	PDF = {https://hal.archives-ouvertes.fr/hal-00952720/file/ot-reflector.pdf},
	HAL_ID = {hal-00952720},
	HAL_VERSION = {v1},
}



@ARTICLE{Schmitzer1,
	author = {{Schmitzer}, Bernhard},
	title = "{Stabilized Sparse Scaling Algorithms for Entropy Regularized Transport Problems}",
	journal = {arXiv e-prints},
	keywords = {Mathematics - Optimization and Control, Computer Science - Computational Engineering, Finance, and Science, Mathematics - Numerical Analysis},
	year = "2016",
	month = "Oct",
	eid = {arXiv:1610.06519},
	pages = {arXiv:1610.06519},
	archivePrefix = {arXiv},
	eprint = {1610.06519},
	primaryClass = {math.OC},
	adsurl = {https://ui.adsabs.harvard.edu/abs/2016arXiv161006519S},
	adsnote = {Provided by the SAO/NASA Astrophysics Data System}
}

@unpublished{Feydy,
	TITLE = {{Interpolating between Optimal Transport and MMD using Sinkhorn Divergences}},
	AUTHOR = {Feydy, Jean and S{\'e}journ{\'e}, Thibault and Vialard, Fran{\c c}ois-Xavier and Amari, Shun-ichi and Trouv{\'e}, Alain and Peyr{\'e}, Gabriel},
	URL = {https://hal.archives-ouvertes.fr/hal-01898858},
	NOTE = {working paper or preprint},
	YEAR = {2018},
	MONTH = Oct,
	PDF = {https://hal.archives-ouvertes.fr/hal-01898858/file/sinkhorn_divergences.pdf},
	HAL_ID = {hal-01898858},
	HAL_VERSION = {v1},
}

@Article{BB,
	author="Benamou, Jean-David
	and Brenier, Yann",
	title="A computational fluid mechanics solution to the Monge-Kantorovich mass transfer problem",
	journal="Numerische Mathematik",
	year="2000",
	month="Jan",
	day="01",
	volume="84",
	number="3",
	pages="375--393",
	issn="0945-3245",
	doi="10.1007/s002110050002",
	url="https://doi.org/10.1007/s002110050002"
}

@inproceedings{Prins,
	author = {J.H.M. ten Thije Boonkkamp and C.R. Prins and W.L. IJzerman and T.W. Tukker},
	booktitle = {Imaging and Applied Optics 2015},
	journal = {Imaging and Applied Optics 2015},
	keywords = {Freeform surfaces; Light beams; Optical surfaces; Optical systems; Photometry; Ray tracing},
	pages = {FTh3B.4},
	publisher = {Optical Society of America},
	title = {The Monge-Amp\`{e}re Equation for Freeform Optics},
	year = {2015},
	url = {http://www.osapublishing.org/abstract.cfm?URI=Freeform-2015-FTh3B.4},
	doi = {10.1364/FREEFORM.2015.FTh3B.4},
	abstract = {The freeform shape of an optical surface is governed by the Monge-Amp\`{e}re equation coupled with the transport boundary condition. We outline a numerical method for its solution and demonstrate the performance for an example.},
}

@article{ThibertMerigot,
   title={Convergence of a Newton algorithm for semi-discrete optimal transport},
   volume={21},
   ISSN={1435-9855},
   url={http://dx.doi.org/10.4171/jems/889},
   DOI={10.4171/jems/889},
   number={9},
   journal={Journal of the European Mathematical Society},
   publisher={European Mathematical Society Publishing House},
   author={Kitagawa, Jun and Mérigot, Quentin and Thibert, Boris},
   year={2019},
   month={Apr},
   pages={2603–2651}
}



@article{Brix,
author = {Brix, Kolja and Hafizogullari, Yasemin and Platen, Andreas},
year = {2014},
month = {04},
pages = {},
title = {Solving the Monge-Amp\`ere Equations for the Inverse Reflector Problem},
volume = {25},
journal = {Mathematical Models and Methods in Applied Sciences},
doi = {10.1142/S0218202515500190}
}




@article{TUE,
title = "A Monge–Amp{\`e}re problem with non-quadratic cost function to compute freeform lens surfaces",
author = "N.K. Yadav and {ten Thije Boonkkamp}, J.H.M. and W.L. IJzerman",
year = "2019",
month = "7",
day = "15",
doi = "10.1007/s10915-019-00948-9",
language = "English",
volume = "80",
pages = "475--499",
journal = "Journal of Scientific Computing",
issn = "0885-7474",
publisher = "Springer",
number = "1",

}




@InProceedings{CuturiDoucet,
  title = 	 {Fast Computation of Wasserstein Barycenters},
  author = 	 {Marco Cuturi and Arnaud Doucet},
  booktitle = 	 {Proceedings of the 31st International Conference on Machine Learning},
  pages = 	 {685--693},
  year = 	 {2014},
  editor = 	 {Eric P. Xing and Tony Jebara},
  volume = 	 {32},
  number =       {2},
  series = 	 {Proceedings of Machine Learning Research},
  address = 	 {Bejing, China},
  month = 	 {22--24 Jun},
  publisher = 	 {PMLR},
  pdf = 	 {http://proceedings.mlr.press/v32/cuturi14.pdf},
  url = 	 {http://proceedings.mlr.press/v32/cuturi14.html},
}



@Inbook{SamplingViaTransport,
author="Marzouk, Youssef
and Moselhy, Tarek
and Parno, Matthew
and Spantini, Alessio",
editor="Ghanem, Roger
and Higdon, David
and Owhadi, Houman",
title="Sampling via Measure Transport: An Introduction",
bookTitle="Handbook of Uncertainty Quantification",
year="2016",
publisher="Springer International Publishing",
address="Cham",
pages="1--41",
isbn="978-3-319-11259-6",
doi="10.1007/978-3-319-11259-6_23-1",
url="https://doi.org/10.1007/978-3-319-11259-6_23-1"
}




@Misc{HUGO,
OPTkey = {•},
OPTauthor = {Hugo Leclerc},
OPTtitle = {Pysdot},
OPThowpublished = {•},
OPTmonth = {•},
OPTyear = {•},
OPTnote = {•},
OPTannote = {•},
url = {https://pypi.org/project/pysdot/}
}




@misc{sagiv2019wasserstein,
    title={The Wasserstein Distances Between Pushed-Forward Measures with Applications to Uncertainty Quantification},
    author={Amir Sagiv},
    year={2019},
    eprint={1902.05451},
    archivePrefix={arXiv},
    primaryClass={math.CA}
}

@misc{fournier2013rate,
    title={On the rate of convergence in Wasserstein distance of the empirical measure},
    author={Nicolas Fournier and Arnaud Guillin},
    year={2013},
    eprint={1312.2128},
    archivePrefix={arXiv},
    primaryClass={math.PR}
}


@misc{merigot2019,
    title={Quantitative stability of optimal transport maps and linearization of the 2-Wasserstein space},
    author={Quentin Mérigot and Alex Delalande and Frédéric Chazal},
    year={2019},
    eprint={1910.05954},
    archivePrefix={arXiv},
    primaryClass={stat.ML}
}


@misc{Rukaia,
    title={in preparation},
    author={Benamou JD, IJzerman W. and Rukaia G. },
    year={2020},
    
}









