@Book{AusielloEtAl1999,
author = {Giorgio Ausiello and Pierluigi Crescenzi and Giorgio Gambosi and Viggo Kann and Alberto Marchetti-Spaccamela and Marco Protasi},
ALTeditor = {•},
title = {Complexity and Approximation: Combinatorial Optimization Problems and their Approximability Properties},
publisher = {Springer},
year = {1999},
OPTkey = {•},
OPTvolume = {•},
OPTnumber = {•},
OPTseries = {•},
OPTaddress = {•},
OPTedition = {•},
OPTmonth = {•},
OPTnote = {•},
OPTannote = {•}
}

@Book{GareyJohnson1979,
  author =	 {Michael R. Garey and David S. Johnson},
  title =	 {Computers and Intractability: A Guide to the Theory of
                  {NP}-Completeness},
  publisher =	 {W.H. Freeman and Company},
  address =	 {New York},
  year =	 {1979}
}

@book{schrijver1998theory,
  title={Theory of linear and integer programming},
  author={Schrijver, Alexander},
  year={1998},
  publisher={John Wiley \& Sons}
}

@Article{DantzigFulkersonJohnson1954,
author = {G. Dantzig and R. Fulkerson and S. Johnson},
title = {Solution of a large-scale traveling-salesman problem},
journal = {Operations Research},
year = {1954},
OPTkey = {•},
volume = {2},
OPTnumber = {•},
pages = {393-410},
OPTmonth = {•},
OPTnote = {•},
OPTannote = {•}
}

@Misc{TSP2019,
OPTkey = {•},
OPTauthor = {•},
title = {{TSP} homepage of the {U}niversity of {W}aterloo, visited on 21 {J}anuary 2020},
OPThowpublished = {•},
OPTmonth = {•},
OPTyear = {•},
note = {http://www.math.uwaterloo.ca/tsp/world/},
OPTannote = {•}
}

@Book{DantzigThapa1997,
author = {George B. Dantzig and Mukund N. Thapa},
ALTeditor = {•},
title = {Linear Programming (volume 1 + 2)},
publisher = {Springer},
year = {1997},
OPTkey = {•},
OPTvolume = {•},
OPTnumber = {•},
OPTseries = {•},
OPTaddress = {•},
OPTedition = {•},
OPTmonth = {•},
OPTnote = {•},
OPTannote = {•}
}

@Booklet{Martin98,
title = {Integer Programs with Block Structure},
author = {A. Martin},
howpublished = {Habilitations-Schrift},
address = {Technische Universit{\"a}t Berlin},
year = {1998}
}
