@Book{InvProb,
author = {H. Engl and M Hanke and A. Neubauer},
title = {Regularization of Inverse Problems},
publisher = {Springer},
year = {1996},
}

@book{Bayesian,
      author        = {Kaipio, Jari and Somersalo, Erkki},
      title         = {Statistical and Computational Inverse Problems},
      publisher     = {Springer},
      year          = {2005},
}

@book{Hadamard,
      author        = {J. Hadamard},
      title         = {Lectures on Cauchy’s Problem in Linear Partial Differential Equations},
      publisher     = {Yale University Press},
      year          = {1923},
}

@book{limAngle,
	author        = {M. A. Davison},
	title         = {The ill-conditioned nature of the limited angle tomography problem},
	publisher     = {SIAM J. Appl. Math.},
	year          = {1983},
}

@Article{MAP,
author = {T. Fusco and J.-M. Conan and G. Rousset and L.M. Mugnier and V. Michau},
title = {Optimal wavefront reconstruction strategies for multi conjugate adaptive optics},
journal = {J. Opt. Soc. Am. A},
year = {2001},
OPTkey = {•},
volume = {18},
number = {10},
pages = {2527–2538},
OPTmonth = {•},
OPTnote = {•},
OPTannote = {•}
}
