@article {MR3264215,
    AUTHOR = {Hinterm\"{u}ller, M. and Hoppe, R. H. W. and L\"{o}bhard, C.},
     TITLE = {Dual-weighted goal-oriented adaptive finite elements for
              optimal control of elliptic variational inequalities},
   JOURNAL = {ESAIM Control Optim. Calc. Var.},
  FJOURNAL = {ESAIM. Control, Optimisation and Calculus of Variations},
    VOLUME = {20},
      YEAR = {2014},
    NUMBER = {2},
     PAGES = {524--546},
      ISSN = {1292-8119},
   MRCLASS = {49M25 (49J52 65K15 65N30)},
  MRNUMBER = {3264215},
MRREVIEWER = {Fredi Tr\"{o}ltzsch},
       DOI = {10.1051/cocv/2013074},
       URL = {https://doi.org/10.1051/cocv/2013074},
}

@incollection {MR3307833,
    AUTHOR = {Gaevskaya, A. and Hinterm\"{u}ller, M. and Hoppe, R. H. W. and
              L\"{o}bhard, C.},
     TITLE = {Adaptive finite elements for optimally controlled elliptic
              variational inequalities of obstacle type},
 BOOKTITLE = {Optimization with {PDE} constraints},
    SERIES = {Lect. Notes Comput. Sci. Eng.},
    VOLUME = {101},
     PAGES = {95--150},
 PUBLISHER = {Springer, Cham},
      YEAR = {2014},
   MRCLASS = {49M25 (35J86 49J40 49K20 65K15 65N30 65N50)},
  MRNUMBER = {3307833},
MRREVIEWER = {Fredi Tr\"{o}ltzsch},
       DOI = {10.1007/978-3-319-08025-3_4},
       URL = {https://doi.org/10.1007/978-3-319-08025-3_4},
}
	


@article {MR2515801,
    AUTHOR = {Hinterm\"{u}ller, M. and Kopacka, I.},
     TITLE = {Mathematical programs with complementarity constraints in
              function space: {$C$}- and strong stationarity and a
              path-following algorithm},
   JOURNAL = {SIAM J. Optim.},
  FJOURNAL = {SIAM Journal on Optimization},
    VOLUME = {20},
      YEAR = {2009},
    NUMBER = {2},
     PAGES = {868--902},
      ISSN = {1052-6234},
   MRCLASS = {49K27 (49J40 49M37 90C33)},
  MRNUMBER = {2515801},
MRREVIEWER = {Gunther H. Peichl},
       DOI = {10.1137/080720681},
       URL = {https://doi.org/10.1137/080720681},
}
@article {MR1393904,
    AUTHOR = {D\"{o}rfler, W.},
     TITLE = {A convergent adaptive algorithm for {P}oisson's equation},
   JOURNAL = {SIAM J. Numer. Anal.},
  FJOURNAL = {SIAM Journal on Numerical Analysis},
    VOLUME = {33},
      YEAR = {1996},
    NUMBER = {3},
     PAGES = {1106--1124},
      ISSN = {0036-1429},
   MRCLASS = {65N50 (65N55)},
  MRNUMBER = {1393904},
MRREVIEWER = {S. F. McCormick},
       DOI = {10.1137/0733054},
       URL = {https://doi.org/10.1137/0733054},
}

@article {MR1787272,
    AUTHOR = {Bergounioux, M. and Haddou, M. and Hinterm\"{u}ller, M. and
              Kunisch, K.},
     TITLE = {A comparison of a {M}oreau-{Y}osida-based active set strategy
              and interior point methods for constrained optimal control
              problems},
   JOURNAL = {SIAM J. Optim.},
  FJOURNAL = {SIAM Journal on Optimization},
    VOLUME = {11},
      YEAR = {2000},
    NUMBER = {2},
     PAGES = {495--521},
      ISSN = {1052-6234},
   MRCLASS = {49M30 (65K05 90C51)},
  MRNUMBER = {1787272},
MRREVIEWER = {Fredi Tr\"{o}ltzsch},
       DOI = {10.1137/S1052623498343131},
       URL = {https://doi.org/10.1137/S1052623498343131},
}

@article {MR2434065,
    AUTHOR = {Hinterm\"{u}ller, M. and Hoppe, R. H. W. and Iliash, Y.
              and Kieweg, M.},
     TITLE = {An a posteriori error analysis of adaptive finite element
              methods for distributed elliptic control problems with control
              constraints},
   JOURNAL = {ESAIM Control Optim. Calc. Var.},
  FJOURNAL = {ESAIM. Control, Optimisation and Calculus of Variations},
    VOLUME = {14},
      YEAR = {2008},
    NUMBER = {3},
     PAGES = {540--560},
      ISSN = {1292-8119},
   MRCLASS = {65N30 (49K20 65N15)},
  MRNUMBER = {2434065},
MRREVIEWER = {Jordi Blasco},
       DOI = {10.1051/cocv:2007057},
       URL = {https://doi.org/10.1051/cocv:2007057},
}


@article {MR2421327,
    AUTHOR = {Hinterm\"{u}ller, M. and Hoppe, R. H. W.},
     TITLE = {Goal-oriented adaptivity in control constrained optimal
              control of partial differential equations},
   JOURNAL = {SIAM J. Control Optim.},
  FJOURNAL = {SIAM Journal on Control and Optimization},
    VOLUME = {47},
      YEAR = {2008},
    NUMBER = {4},
     PAGES = {1721--1743},
      ISSN = {0363-0129},
   MRCLASS = {49K20 (49M15)},
  MRNUMBER = {2421327},
       DOI = {10.1137/070683891},
       URL = {https://doi.org/10.1137/070683891},
}

@article {MR1780911,
    AUTHOR = {Becker, R. and Kapp, H. and Rannacher, R.},
     TITLE = {Adaptive finite element methods for optimal control of partial
              differential equations: basic concept},
   JOURNAL = {SIAM J. Control Optim.},
  FJOURNAL = {SIAM Journal on Control and Optimization},
    VOLUME = {39},
      YEAR = {2000},
    NUMBER = {1},
     PAGES = {113--132},
      ISSN = {0363-0129},
   MRCLASS = {49M25 (65K10 65N30)},
  MRNUMBER = {1780911},
MRREVIEWER = {Viorel Arnautu},
       DOI = {10.1137/S0363012999351097},
       URL = {https://doi.org/10.1137/S0363012999351097},
}

@article {MR1312107,
    AUTHOR = {Outrata, J. and Zowe, J.},
     TITLE = {A numerical approach to optimization problems with variational
              inequality constraints},
   JOURNAL = {Math. Programming},
  FJOURNAL = {Mathematical Programming},
    VOLUME = {68},
      YEAR = {1995},
    NUMBER = {1, Ser. A},
     PAGES = {105--130},
      ISSN = {0025-5610},
   MRCLASS = {90C33 (49J40)},
  MRNUMBER = {1312107},
MRREVIEWER = {Dariusz Zagrodny},
       DOI = {10.1007/BF01585759},
       URL = {https://doi.org/10.1007/BF01585759},
}
	


@book {MR1909427,
    AUTHOR = {Klatte, D. and Kummer, B.},
     TITLE = {Nonsmooth equations in optimization},
    SERIES = {Nonconvex Optimization and its Applications},
    VOLUME = {60},
      NOTE = {Regularity, calculus, methods and applications},
 PUBLISHER = {Kluwer Academic Publishers, Dordrecht},
      YEAR = {2002},
     PAGES = {xxviii+329},
      ISBN = {1-4020-0550-4},
   MRCLASS = {49-02 (47N10 49J52 49J53 49K40 90C31)},
  MRNUMBER = {1909427},
MRREVIEWER = {Adam B. Levy},
}

@article {MR2299684,
    AUTHOR = {Siebert, K. G. and Veeser, A.},
     TITLE = {A unilaterally constrained quadratic minimization with
              adaptive finite elements},
   JOURNAL = {SIAM J. Optim.},
  FJOURNAL = {SIAM Journal on Optimization},
    VOLUME = {18},
      YEAR = {2007},
    NUMBER = {1},
     PAGES = {260--289},
      ISSN = {1052-6234},
   MRCLASS = {65N30 (65N15 90C25)},
  MRNUMBER = {2299684},
MRREVIEWER = {Jan Mandel},
       DOI = {10.1137/05064597X},
       URL = {https://doi.org/10.1137/05064597X},
}

@article {MR2373479,
    AUTHOR = {Vexler, B. and Wollner, W.},
     TITLE = {Adaptive finite elements for elliptic optimization problems
              with control constraints},
   JOURNAL = {SIAM J. Control Optim.},
  FJOURNAL = {SIAM Journal on Control and Optimization},
    VOLUME = {47},
      YEAR = {2008},
    NUMBER = {1},
     PAGES = {509--534},
      ISSN = {0363-0129},
   MRCLASS = {49M25 (65K10 65N30)},
  MRNUMBER = {2373479},
MRREVIEWER = {Martin Gugat},
       DOI = {10.1137/070683416},
       URL = {https://doi.org/10.1137/070683416},
}

@article {MR1193438,
    AUTHOR = {Ainsworth, M. and Oden, J. T. and Lee, C.-Y.},
     TITLE = {Local a posteriori error estimators for variational
              inequalities},
   JOURNAL = {Numer. Methods Partial Differential Equations},
  FJOURNAL = {Numerical Methods for Partial Differential Equations. An
              International Journal},
    VOLUME = {9},
      YEAR = {1993},
    NUMBER = {1},
     PAGES = {23--33},
      ISSN = {0749-159X},
   MRCLASS = {49M25 (49J40 65K10 73V05 73V25)},
  MRNUMBER = {1193438},
MRREVIEWER = {Khalil Ahmad},
       DOI = {10.1002/num.1690090104},
       URL = {https://doi.org/10.1002/num.1690090104},
}

@article {MR2822818,
    AUTHOR = {Hinterm\"{u}ller, M. and Kopacka, I.},
     TITLE = {A smooth penalty approach and a nonlinear multigrid algorithm
              for elliptic {MPEC}s},
   JOURNAL = {Comput. Optim. Appl.},
  FJOURNAL = {Computational Optimization and Applications. An International
              Journal},
    VOLUME = {50},
      YEAR = {2011},
    NUMBER = {1},
     PAGES = {111--145},
      ISSN = {0926-6003},
   MRCLASS = {49M37 (35J86 49J40 49K20 65K15)},
  MRNUMBER = {2822818},
MRREVIEWER = {Christian Clason},
       DOI = {10.1007/s10589-009-9307-9},
       URL = {https://doi.org/10.1007/s10589-009-9307-9},
}
@book {MR2191744,
    AUTHOR = {Mordukhovich, B. S.},
     TITLE = {Variational analysis and generalized differentiation. {I}},
    SERIES = {Grundlehren der Mathematischen Wissenschaften [Fundamental
              Principles of Mathematical Sciences]},
    VOLUME = {330},
      NOTE = {Basic theory},
 PUBLISHER = {Springer-Verlag, Berlin},
      YEAR = {2006},
     PAGES = {xxii+579},
      ISBN = {978-3-540-25437-9; 3-540-25437-4},
   MRCLASS = {49-02 (49J52 49J53 49K27 49K40 90C31)},
  MRNUMBER = {2191744},
MRREVIEWER = {Lionel Thibault},
}

@book {MR742624,
    AUTHOR = {Barbu, V.},
     TITLE = {Optimal control of variational inequalities},
    SERIES = {Research Notes in Mathematics},
    VOLUME = {100},
 PUBLISHER = {Pitman (Advanced Publishing Program), Boston, MA},
      YEAR = {1984},
     PAGES = {iv+298},
      ISBN = {0-273-08629-4},
   MRCLASS = {49B22 (49A29)},
  MRNUMBER = {742624},
MRREVIEWER = {Ioannis Athanasopoulos},
}



@article {MR0423155,
    AUTHOR = {Mignot, F.},
     TITLE = {Contr\^{o}le dans les in\'{e}quations variationelles elliptiques},
   JOURNAL = {J. Functional Analysis},
    VOLUME = {22},
      YEAR = {1976},
    NUMBER = {2},
     PAGES = {130--185},
   MRCLASS = {49A25},
  MRNUMBER = {0423155},
MRREVIEWER = {Hugo Beirao da Veiga},
       DOI = {10.1016/0022-1236(76)90017-3},
       URL = {https://doi.org/10.1016/0022-1236(76)90017-3},
}













